<?xml version="1.0" encoding="UTF-8"?><collection xmlns="http://www.loc.gov/MARC21/slim"><record><leader>00410nam--2200121-i-4500</leader><controlfield tag="001">000036490</controlfield><controlfield tag="002">20161230</controlfield><controlfield tag="005">20161230201040</controlfield><controlfield tag="008">060222s1000------------r-----000-0-eng-d</controlfield><datafield ind1=" " ind2=" " tag="100"><subfield code="a">Powell, W.J.A. And Fynn, G.W</subfield></datafield><datafield ind1=" " ind2=" " tag="245"><subfield code="a">Rre technical note no 709 2nd edition. machine polishing of laser and other solid state materials</subfield></datafield><datafield ind1=" " ind2=" " tag="260"><subfield code="a">Springfield, National Technical Information Serrvice, 1969, 33p</subfield></datafield><datafield ind1=" " ind2=" " tag="852"><subfield code="a">37600</subfield></datafield></record></collection>